<?xml version="1.0" encoding="UTF-8"?>
  <record xmlns="http://www.loc.gov/MARC21/slim" type="Authority">
    <leader>00000nz  a2200000nc 4500</leader>
    <controlfield tag="001">120050234</controlfield>
    <controlfield tag="003">DE-101</controlfield>
    <controlfield tag="005">20080602164100.0</controlfield>
    <controlfield tag="008">980323n||aznnnaabn           | aaa    |c</controlfield>
    <datafield tag="024" ind1="7" ind2=" ">
      <subfield code="a">120050234</subfield>
      <subfield code="0">http://d-nb.info/gnd/120050234</subfield>
      <subfield code="2">gnd</subfield>
    </datafield>
    <datafield tag="035" ind1=" " ind2=" ">
      <subfield code="a">(DE-101)120050234</subfield>
    </datafield>
    <datafield tag="035" ind1=" " ind2=" ">
      <subfield code="a">(DE-588)120050234</subfield>
    </datafield>
    <datafield tag="035" ind1=" " ind2=" ">
      <subfield code="z">(DE-588a)120050234</subfield>
      <subfield code="9">v:zg</subfield>
    </datafield>
    <datafield tag="040" ind1=" " ind2=" ">
      <subfield code="a">DE-12</subfield>
      <subfield code="c">DE-12</subfield>
      <subfield code="9">r:DE-12</subfield>
      <subfield code="b">ger</subfield>
      <subfield code="d">0007</subfield>
    </datafield>
    <datafield tag="042" ind1=" " ind2=" ">
      <subfield code="a">gnd1</subfield>
    </datafield>
    <datafield tag="043" ind1=" " ind2=" ">
      <subfield code="c">XA-DE</subfield>
    </datafield>
    <datafield tag="075" ind1=" " ind2=" ">
      <subfield code="b">p</subfield>
      <subfield code="2">gndgen</subfield>
    </datafield>
    <datafield tag="075" ind1=" " ind2=" ">
      <subfield code="b">piz</subfield>
      <subfield code="2">gndspec</subfield>
    </datafield>
    <datafield tag="079" ind1=" " ind2=" ">
      <subfield code="a">g</subfield>
      <subfield code="q">a</subfield>
      <subfield code="q">f</subfield>
    </datafield>
    <datafield tag="100" ind1="1" ind2=" ">
      <subfield code="a">Wissel, Elisabeth</subfield>
      <subfield code="d">1592-1623</subfield>
    </datafield>
    <datafield tag="375" ind1=" " ind2=" ">
      <subfield code="a">2</subfield>
      <subfield code="2">iso5218</subfield>
    </datafield>
    <datafield tag="400" ind1="1" ind2=" ">
      <subfield code="a">Parcov, Elisabeth</subfield>
      <subfield code="d">1592-1623</subfield>
      <subfield code="4">nafr</subfield>
      <subfield code="4">https://d-nb.info/standards/elementset/gnd#EarlierNameOfThePerson</subfield>
      <subfield code="w">r</subfield>
      <subfield code="i">Frueherer Name</subfield>
      <subfield code="e">Frueherer Name</subfield>
    </datafield>
    <datafield tag="400" ind1="1" ind2=" ">
      <subfield code="a">Parcovia, Elisabeth</subfield>
      <subfield code="d">1592-1623</subfield>
    </datafield>
    <datafield tag="400" ind1="1" ind2=" ">
      <subfield code="a">Wisselius, Elisabetha</subfield>
      <subfield code="d">1592-1623</subfield>
    </datafield>
    <datafield tag="400" ind1="1" ind2=" ">
      <subfield code="a">Wisselia, Elisabetha</subfield>
      <subfield code="d">1592-1623</subfield>
    </datafield>
    <datafield tag="400" ind1="1" ind2=" ">
      <subfield code="a">Parcovius, Elisabeth</subfield>
      <subfield code="d">1592-1623</subfield>
    </datafield>
    <datafield tag="400" ind1="1" ind2=" ">
      <subfield code="a">Parcovius, Elisabetha</subfield>
      <subfield code="d">1592-1623</subfield>
    </datafield>
    <datafield tag="400" ind1="1" ind2=" ">
      <subfield code="a">Parcovia, Elisabetha</subfield>
      <subfield code="d">1592-1623</subfield>
    </datafield>
    <datafield tag="548" ind1=" " ind2=" ">
      <subfield code="a">1592-1623</subfield>
      <subfield code="4">datl</subfield>
      <subfield code="4">https://d-nb.info/standards/elementset/gnd#dateOfBirthAndDeath</subfield>
      <subfield code="w">r</subfield>
      <subfield code="i">Lebensdaten</subfield>
    </datafield>
    <datafield tag="667" ind1=" " ind2=" ">
      <subfield code="a">VD-17</subfield>
    </datafield>
    <datafield tag="672" ind1=" " ind2="0">
      <subfield code="a">Clarissimo Et Amplißimo viro, Dn. Joanni Wisselio, ICto. &amp; lectißimae virgini, Elisabethae Parcoviae, Francisci Filiae, Sponsis lectißimis Gratulantur Amici. - 1613</subfield>
    </datafield>
    <datafield tag="672" ind1=" " ind2="0">
      <subfield code="a">Carmina Funebria, Memoriae primariae ac honestißimae foeminae, Elisabethae Parcoviae ... - 1623</subfield>
    </datafield>
    <datafield tag="672" ind1=" " ind2="0">
      <subfield code="a">Piis Manibus Honestißimae pudicißimaeq[ue] matronae Elisabethae Parcoviae, Viri Amplissimi, Clarissimi, Consultissimi Dn. Ioannis Wisselii, ICti. Eximii, Potentissimi Ducis Brunsvicensis, ut &amp; illustrissimae viduae Consiliarii, Iudicii Guelphici assessoris, &amp; in illustri Iulia Professoris ordinarii, Coniugis quondam suavißimae VII. Febr. Anno MDCXXIII. pie defunctae Epicedia. Debiti honoris &amp; sympatheias ergo Scripta. - 1623</subfield>
    </datafield>
    <datafield tag="672" ind1=" " ind2="0">
      <subfield code="a">Strube, Heinrich Julius: Christliche Leichpredigt. - 1623</subfield>
    </datafield>
    <datafield tag="672" ind1=" " ind2="0">
      <subfield code="a">Strube, Heinrich Julius: Programma In funere Primariae ac honestißimae foeminae, Elisabethae Parcoviae ... - 1623</subfield>
    </datafield>
    <datafield tag="678" ind1=" " ind2=" ">
      <subfield code="b">Ehefrau des Helmstedter Juristen und Professors Johannes Wissel; Tochter von Franz Parcov (IDN 116045825)</subfield>
    </datafield>
    <datafield tag="913" ind1=" " ind2=" ">
      <subfield code="S">pnd</subfield>
      <subfield code="i">a</subfield>
      <subfield code="a">Wissel, Elisabeth</subfield>
      <subfield code="0">(DE-588a)120050234</subfield>
    </datafield>
  </record>
